%% \begin{thebibliography}{9}

%% \bibitem{drill} Apache Drill architecture: \url{https://drill.apache.org/architecture/}
@article{drill,
  author    = {Michael Hausenblas and Jacques Nadeau},
  title     = {Apache Drill: Interactive Ad-Hoc Analysis at Scale},
  journal   = {Big Data},
  volume    = {1(2)},
  pages     = {100-104},
  year      = {2013},
  url       = {https://doi.org/10.1089/big.2013.0011},
}

%% \bibitem{bulkio} BulkIO reference: \url{https://indico.cern.ch/event/567550/contributions/2627167/}
@article{bulkio,
  author={{Brian Bockelman, Zhe Zhang, and Jim Pivarski}},
  title={{ROOT-BulkIO and Numpy interface}},
  journal={Journal of Physics: Conference Series},
  year={2017},
  url={https://indico.cern.ch/event/567550/contributions/2627167/}
}

%% \bibitem{ieee} accepted IEEE Big Data paper; don't have a non-arXiv reference yet: \url{https://arxiv.org/abs/1708.08319}
2017arXiv170808319P
@ARTICLE{ieee,
   author = {{Pivarski}, J. and {Elmer}, P. and {Bockelman}, B. and {Zhang}, Z.
	},
    title = "{Fast Access to Columnar, Hierarchical Data via Code Transformation}",
  journal = {ArXiv e-prints},
archivePrefix = "arXiv",
   eprint = {1708.08319},
 primaryClass = "cs.PL",
 keywords = {Computer Science - Programming Languages, Computer Science - Databases, Computer Science - Information Retrieval},
     year = 2017,
    month = aug,
   adsurl = {http://adsabs.harvard.edu/abs/2017arXiv170808319P},
  adsnote = {Provided by the SAO/NASA Astrophysics Data System}
}

%% \bibitem{histogrammar} Histogrammar \url{https://zenodo.org/record/61418}
jim_pivarski_2016_61418
@misc{histogrammar,
  author       = {Jim Pivarski and
                  Alexey Svyatkovskiy and
                  Ferdinand Schenck and
                  Bill Engels},
  title        = {histogrammar-python: 1.0.0},
  month        = sep,
  year         = 2016,
  doi          = {10.5281/zenodo.61418},
  url          = {https://doi.org/10.5281/zenodo.61418}
}

%% \bibitem{thanat} \url{https://github.com/JThanat/femto-mesos}
@online{thanat,
  author = {{Thanat Jatuphattharachat}},
  title = {{femto-mesos}},
  year = 2017,
  url = {https://github.com/JThanat/femto-mesos},
  urldate = {2017-11-10}
}

%% \bibitem{root} \url{https://root.cern/}
Brun:1997pa
@article{root,
      author         = "Brun, R. and Rademakers, F.",
      title          = "{ROOT: An object oriented data analysis framework}",
      booktitle      = "{New computing techniques in physics research V.
                        Proceedings, 5th International Workshop, AIHENP '96,
                        Lausanne, Switzerland, September 2-6, 1996}",
      journal        = "Nucl. Instrum. Meth.",
      volume         = "A389",
      year           = "1997",
      pages          = "81-86",
      doi            = "10.1016/S0168-9002(97)00048-X",
      SLACcitation   = "%%CITATION = NUIMA,A389,81;%%"
}

%% \bibitem{root-brian} \url{http://github.com/bbockelm/root/tree/root-bulkapi-fastread-v2}
@online{root-brian,
  author = {{Brian Bockelman}},
  title = {{root-bulkapi-fastread-v2}},
  year = 2017,
  url = {http://github.com/bbockelm/root/tree/root-bulkapi-fastread-v2},
  urldate = {2017-11-10}
}

%% \bibitem{uproot} \url{https://github.com/scikit-hep/uproot}
@online{uproot,
  author = {{Jim Pivarski}},
  title = {{``Uproot: Minimalist ROOT I/O in pure Python and Numpy.''}},
  year = 2017,
  url = {https://github.com/scikit-hep/uproot},
  urldate = {2017-11-10}
}

%% \bibitem{arrowed} \url{https://github.com/diana-hep/arrowed}
@online{oamap,
  author = {{Jim Pivarski}},
  title = {{``OAMap: Toolset for Computing Directly on Hierarchically Nested, Columnar Data''}},
  year = 2017,
  url = {https://github.com/diana-hep/oamap},
  urldate = {2017-11-10}
}

%% \bibitem{arrow} \url{https://arrow.apache.org/}
@online{arrow,
  author = {{The Apache Arrow team}},
  title = {{``Apache Arrow: Powering Columnar In-Memory Analytics''}},
  year = 2016,
  url = {https://arrow.apache.org/},
  urldate = {2017-11-10}
}

%% \end{thebibliography}
